@misc{trec-deep-learning,
      title={Overview of the TREC 2019 deep learning track}, 
      author={Nick Craswell and Bhaskar Mitra and Emine Yilmaz and Daniel Campos and Ellen M. Voorhees},
      year={2020},
      eprint={2003.07820},
      archivePrefix={arXiv},
      primaryClass={cs.IR}
}

@article{ltr-overview,
  title={A Short Introduction to Learning to Rank},
  author={Hang Li},
  journal={IEICE Trans. Inf. Syst.},
  year={2011},
  volume={94-D},
  pages={1854-1862}
}



@article{scikit-learn,
 title={Scikit-learn: Machine Learning in {P}ython},
 author={Pedregosa, F. and Varoquaux, G. and Gramfort, A. and Michel, V.
         and Thirion, B. and Grisel, O. and Blondel, M. and Prettenhofer, P.
         and Weiss, R. and Dubourg, V. and Vanderplas, J. and Passos, A. and
         Cournapeau, D. and Brucher, M. and Perrot, M. and Duchesnay, E.},
 journal={Journal of Machine Learning Research},
 volume={12},
 pages={2825--2830},
 year={2011}
}